<record><leader>00000cas a2200000 a 4500</leader><controlfield tag="001">35050637</controlfield><controlfield tag="008">960710c19869999miuwr ne      0    0eng c</controlfield><datafield ind1=" " ind2=" " tag="010"><subfield code="a">sn 96076815 </subfield></datafield><datafield ind1=" " ind2=" " tag="040"><subfield code="a">MHN</subfield><subfield code="b">eng</subfield><subfield code="c">MHN</subfield><subfield code="d">OCL</subfield><subfield code="d">OCLCQ</subfield><subfield code="d">OCLCF</subfield><subfield code="d">OCLCO</subfield></datafield><datafield ind1="1" ind2=" " tag="029"><subfield code="a">AU@</subfield><subfield code="b">000012679600</subfield></datafield><datafield ind1=" " ind2=" " tag="042"><subfield code="a">pcc</subfield></datafield><datafield ind1=" " ind2=" " tag="043"><subfield code="a">n-us-mi</subfield></datafield><datafield ind1="0" ind2="4" tag="245"><subfield code="a">The Sanilac County jeffersonian.</subfield></datafield><datafield ind1="1" ind2="3" tag="246"><subfield code="a">Jeffersonian/advisor</subfield></datafield><datafield ind1="1" ind2="7" tag="246"><subfield code="a">Jeffersonian</subfield></datafield><datafield ind1="1" ind2="3" tag="246"><subfield code="a">Sanilac County jeffersonian/advisor</subfield></datafield><datafield ind1=" " ind2=" " tag="260"><subfield code="a">Croswell, Mich. :</subfield><subfield code="b">John D. Johnson</subfield></datafield><datafield ind1=" " ind2=" " tag="300"><subfield code="a">v.</subfield></datafield><datafield ind1=" " ind2=" " tag="310"><subfield code="a">Weekly</subfield></datafield><datafield ind1="0" ind2=" " tag="362"><subfield code="a">Vol. 128, no. 48 (Oct. 6, 1986)-</subfield></datafield><datafield ind1=" " ind2="0" tag="651"><subfield code="a">Croswell (Mich.)</subfield><subfield code="v">Newspapers.</subfield></datafield><datafield ind1=" " ind2="0" tag="651"><subfield code="a">Sanilac County (Mich.)</subfield><subfield code="v">Newspapers.</subfield></datafield><datafield ind1=" " ind2="7" tag="655"><subfield code="a">Newspapers.</subfield><subfield code="2">fast</subfield><subfield code="0">(OCoLC)fst01423814</subfield></datafield><datafield ind1=" " ind2="7" tag="651"><subfield code="a">Michigan</subfield><subfield code="z">Croswell.</subfield><subfield code="2">fast</subfield><subfield code="0">(OCoLC)fst01231724</subfield></datafield><datafield ind1=" " ind2="7" tag="651"><subfield code="a">Michigan</subfield><subfield code="z">Sanilac County.</subfield><subfield code="2">fast</subfield><subfield code="0">(OCoLC)fst01214743</subfield></datafield><datafield ind1=" " ind2=" " tag="752"><subfield code="a">United States</subfield><subfield code="b">Michigan</subfield><subfield code="c">Sanilac</subfield><subfield code="d">Croswell.</subfield></datafield><datafield ind1="0" ind2="0" tag="780"><subfield code="t">Sanilac County jeffersonian/advisor</subfield><subfield code="w">(DLC)sn 96076814</subfield><subfield code="w">(OCoLC)35050525</subfield></datafield></record>